<mx:record xmlns="http://www.w3.org/TR/xhtml1/strict" xmlns:mx="http://www.loc.gov/MARC21/slim" xmlns:xsi="http://www.w3.org/2001/XMLSchema-instance"><mx:leader>00000cz   2200000n  4500</mx:leader><mx:controlfield tag="001">oca01882270 </mx:controlfield><mx:controlfield tag="005">20020912094529.0</mx:controlfield><mx:controlfield tag="008">870623n| acannaabn          |a aaa      </mx:controlfield><mx:datafield ind1=" " ind2=" " tag="010"><mx:subfield code="a">n  86094078 </mx:subfield><mx:subfield code="z">n  92066677 </mx:subfield></mx:datafield><mx:datafield ind1=" " ind2=" " tag="040"><mx:subfield code="a">DLC</mx:subfield><mx:subfield code="c">DLC</mx:subfield><mx:subfield code="d">OO</mx:subfield><mx:subfield code="d">DLC</mx:subfield></mx:datafield><mx:datafield ind1="1" ind2=" " tag="100"><mx:subfield code="a">Wireker, Nigellus,</mx:subfield><mx:subfield code="d">ca. 1130-ca. 1200</mx:subfield></mx:datafield><mx:datafield ind1="1" ind2=" " tag="400"><mx:subfield code="a">Wirecker, Nigellus,</mx:subfield><mx:subfield code="d">ca. 1130-ca. 1200</mx:subfield></mx:datafield><mx:datafield ind1="0" ind2=" " tag="400"><mx:subfield code="a">Nigel,</mx:subfield><mx:subfield code="c">of Canterbury,</mx:subfield><mx:subfield code="d">ca. 1130-ca. 1200</mx:subfield></mx:datafield><mx:datafield ind1="0" ind2=" " tag="400"><mx:subfield code="a">Nigel,</mx:subfield><mx:subfield code="c">de Longchamps,</mx:subfield><mx:subfield code="d">ca. 1130-ca. 1200</mx:subfield></mx:datafield><mx:datafield ind1="0" ind2=" " tag="400"><mx:subfield code="a">Nigellus,</mx:subfield><mx:subfield code="c">de Longo Campo,</mx:subfield><mx:subfield code="d">ca. 1130-1200</mx:subfield></mx:datafield><mx:datafield ind1=" " ind2=" " tag="670"><mx:subfield code="a">His Miracles of the Virgin Mary, c1986:</mx:subfield><mx:subfield code="b">t.p. (Nigel of Canterbury) p. 2, etc. (Nigelli de Longo Campo)</mx:subfield></mx:datafield><mx:datafield ind1=" " ind2=" " tag="670"><mx:subfield code="a">NLC, 4-9-87</mx:subfield><mx:subfield code="b">(Wireker, Nigellus, ca. 1130-ca. 1200)</mx:subfield></mx:datafield><mx:datafield ind1=" " ind2=" " tag="670"><mx:subfield code="a">nuc92-3103: His Speculum stultorum [MI] 1490</mx:subfield><mx:subfield code="b">(hdg. on GmC rept.: Wirecker, Nigellus)</mx:subfield></mx:datafield><mx:datafield ind1=" " ind2=" " tag="999"><mx:subfield code="a">51</mx:subfield></mx:datafield></mx:record>